@Book{knuth:1984,
  author    = {Donald E. Knuth},
  title     = {The \TeX Book},
  year      = {1984},
  publisher = {Addison-Wesley},
}

@Article{ziegenhagen:2017,
  author       = {Uwe Ziegenhagen},
  title        = {Wie man einen eigenen TeX Live Mirror aufsetzt},
  journal      = {DTK},
  journaltitle = {Die \TeX nische Kom√∂die},
  year         = {2017},
  number       = {2},
}

@Online{Ziegenhagen2022,
  author = {Uwe Ziegenhagen},
  date   = {2022-03-06},
  title  = {Verbinden und Trennen von Netzlaufwerken unter Windows},
  url    = {https://www.uweziegenhagen.de/?p=4593},
}

@Comment{jabref-meta: databaseType:biblatex;}
